@misc{SA,
	title = {Standards Australia},
	author = {Standards Australia},
	note = {\url{https://www.standards.org.au/}},
	year = {2022}
	}

@misc{GSM,
	title = {GSM},
	author = {Wikipedia},
	note = {\url{https://en.wikipedia.org/wiki/GSM}},
	year = {2022}
	}
